<record><leader>00000cas a22000007a 4500</leader><controlfield tag="001">10186157</controlfield><controlfield tag="008">831203d18421843ohucr ne      0    0eng d</controlfield><controlfield tag="009">3783</controlfield><datafield ind1=" " ind2=" " tag="010"><subfield code="a">sn 83035642 </subfield></datafield><datafield ind1=" " ind2=" " tag="040"><subfield code="a">NPY</subfield><subfield code="b">eng</subfield><subfield code="c">NPY</subfield><subfield code="d">NPV</subfield><subfield code="d">DLC</subfield><subfield code="d">YOX</subfield><subfield code="d">OCLCG</subfield><subfield code="d">KRTAS</subfield></datafield><datafield ind1="1" ind2=" " tag="029"><subfield code="a">AU@</subfield><subfield code="b">000025786645</subfield></datafield><datafield ind1=" " ind2=" " tag="042"><subfield code="a">msc</subfield></datafield><datafield ind1="0" ind2="0" tag="050"><subfield code="a">Newspaper 9221</subfield></datafield><datafield ind1="0" ind2=" " tag="130"><subfield code="a">Chillicothe intelligencer (Chillicothe, Ohio : 1842 : Semiweekly)</subfield></datafield><datafield ind1="0" ind2="0" tag="245"><subfield code="a">Chillicothe intelligencer.</subfield></datafield><datafield ind1="1" ind2="3" tag="246"><subfield code="a">Intelligencer</subfield></datafield><datafield ind1=" " ind2=" " tag="260"><subfield code="a">Chillicothe, [Ohio] :</subfield><subfield code="b">C.C. Allen,</subfield><subfield code="c">1842-1843.</subfield></datafield><datafield ind1=" " ind2=" " tag="300"><subfield code="a">1 v. ;</subfield><subfield code="c">52 cm.</subfield></datafield><datafield ind1=" " ind2=" " tag="310"><subfield code="a">Semiweekly</subfield></datafield><datafield ind1="0" ind2=" " tag="362"><subfield code="a">Vol. 1, no. 1 (Dec. 6, 1842)-v. 1, no. 104 (Dec. 8, 1843).</subfield></datafield><datafield ind1=" " ind2=" " tag="530"><subfield code="a">Available on microfilm from the New York Public Library.</subfield></datafield><datafield ind1=" " ind2=" " tag="580"><subfield code="a">Published also as a weekly edition with the same title.</subfield></datafield><datafield ind1=" " ind2=" " tag="580"><subfield code="a">Ceased shortly before Allen bought and began publishing The Scioto gazette.</subfield></datafield><datafield ind1="1" ind2=" " tag="700"><subfield code="a">Allen, Caleb Case,</subfield><subfield code="d">1814-1858.</subfield></datafield><datafield ind1=" " ind2=" " tag="752"><subfield code="a">United States</subfield><subfield code="b">Ohio</subfield><subfield code="c">Ross</subfield><subfield code="d">Chillicothe.</subfield></datafield><datafield ind1="1" ind2=" " tag="775"><subfield code="t">Chillicothe intelligencer (Chillicothe, Ohio : 1842 : Weekly)</subfield><subfield code="w">(DLC)sn 86080004</subfield></datafield><datafield ind1="1" ind2=" " tag="787"><subfield code="t">Scioto gazette (Chillicothe, Ohio : 1827)</subfield><subfield code="w">(DLC)sn 83035629</subfield></datafield><datafield ind1=" " ind2=" " tag="938"><subfield code="a">Kirtas Technologies, Inc.</subfield><subfield code="b">KRTS</subfield><subfield code="n">737938</subfield></datafield></record>